@article{AttackingMultimodalOSAgentsWithMaliciousImagePatches,
  title={Attacking Multimodal OS Agents with Malicious Image Patches},
  author={Aichberger, Lukas and Paren, Alasdair and Gal, Yarin and Torr, Philip and Bibi, Adel},
  journal={arXiv preprint arXiv:2503.10809},
  year={2025},
  doi={10.48550/arXiv.2503.10809}
}

@inproceedings{SzegedyZSBEGF13,
  title={Intriguing properties of neural networks},
  author={Szegedy, Christian and Zaremba, Wojciech and Sutskever, Ilya and Bruna, Joan and Erhan, Dumitru and Goodfellow, Ian and Fergus, Rob},
  booktitle={International Conference on Learning Representations},
  year={2013}
}

@inproceedings{GoodfellowSS14,
  title={Explaining and harnessing adversarial examples},
  author={Goodfellow, Ian J and Shlens, Jonathon and Szegedy, Christian},
  booktitle={International Conference on Learning Representations},
  year={2014}
}

@inproceedings{MadryMSTV18,
  title={Towards deep learning models resistant to adversarial attacks},
  author={Madry, Aleksander and Makelov, Aleksandar and Schmidt, Ludwig and Tsipras, Dimitris and Vladu, Adrian},
  booktitle={International Conference on Learning Representations},
  year={2018}
}

@inproceedings{CarliniWZDLGS22,
  title={Extracting training data from large language models},
  author={Carlini, Nicholas and Tramer, Florian and Wallace, Eric and Jagielski, Matthew and Herbert-Voss, Ariel and Lee, Katherine and Roberts, Adam and Brown, Tom and Song, Dawn and Erlingsson, Ulfar and others},
  booktitle={31st USENIX Security Symposium (USENIX Security 22)},
  pages={2633--2650},
  year={2022}
}

@article{QiLDLJ23,
  title={Visual adversarial examples jailbreak aligned large language models},
  author={Qi, Xiangyu and Li, Kaixuan and Deng, Jiahui and Lai, Wenxiao and Jia, Jifeng},
  journal={arXiv preprint arXiv:2306.13213},
  year={2023}
}

@article{FerraraSVJM16,
  title={The rise of social bots},
  author={Ferrara, Emilio and Varol, Onur and Davis, Clayton and Menczer, Filippo and Flammini, Alessandro},
  journal={Communications of the ACM},
  volume={59},
  number={7},
  pages={96--104},
  year={2016},
  publisher={ACM New York, NY, USA}
}

@article{BonattiBDZALLWKBM24,
  title={Windows agent arena: Evaluating multi-modal os agents at scale},
  author={Bonatti, Rogerio and Zhao, Dian and Bonacci, Federico and Dupont, David and Abdali, Soheil and Li, Yue and Lu, Yonatan and Wagle, Jatin and Koishida, Katsutoshi and Bucker, Adam and others},
  journal={arXiv preprint arXiv:2409.08264},
  year={2024}
}

@article{LuYSA24,
  title={Omniparser for pure vision based gui agent},
  author={Lu, Yonatan and Yang, Jeff and Shen, Yiping and Awadallah, Ahmed},
  journal={arXiv preprint},
  year={2024}
}

@article{AndriushchenkoSDDLWZHKFCH24,
  title={Agentharm: A benchmark for measuring harmfulness of llm agents},
  author={Andriushchenko, Maksym and Souly, Anas and Dziemian, Mateusz and Duenas, Daniel and Lin, Min and Wang, Jingxiao and Hendrycks, Dan and Zou, Andy and Kolter, Zico and Fredrikson, Matt and others},
  journal={arXiv preprint arXiv:2410.09024},
  year={2024}
}

@inproceedings{RandoKBET24,
  title={Gradient-based jailbreak images for multimodal fusion models},
  author={Rando, Jack and Korevaar, Hailey and Brinkman, Elijah and Evtimov, Ivan and Tram{\`e}r, Florian},
  journal={arXiv preprint arXiv:2410.03489},
  year={2024}
}

@article{ZhangYY24,
  title={Attacking vision-language computer agents via pop-ups},
  author={Zhang, Yuhao and Yu, Tao and Yang, Diyi},
  journal={arXiv preprint arXiv:2411.02391},
  year={2024}
}

@article{LiuZHZLKTJYFY24,
  title={Groundingdino: Marrying dino with grounded pre-training for open-set object detection},
  author={Liu, Shilong and Zeng, Zhaoyang and Ren, Tianhe and Li, Feng and Zhang, Hao and Yang, Jie and Jiang, Qi and Li, Chunyuan and Yang, Jianwei and Su, Hang and Zhu, Jun and Zhang, Lei},
  journal={arXiv preprint arXiv:2303.05499},
  year={2024}
}

@inproceedings{Smith07,
  title={An overview of the tesseract OCR engine},
  author={Smith, Ray},
  booktitle={Ninth International Conference on Document Analysis and Recognition (ICDAR 2007)},
  volume={2},
  pages={629--633},
  year={2007},
  organization={IEEE}
}

@article{DubeyJPKALMSYFB24,
  title={The llama 3 herd of models},
  author={Dubey, Amro and Jauhri, Akshita and Pandey, Ashwin and Kadian, Abhishek and Al-Dahle, Ahmad and Letman, Alec and Mathur, Anirudh and Schelten, Anna and Yang, Annie and Fan, Anthony and others},
  journal={arXiv preprint arXiv:2407.21783},
  year={2024}
} 